
@book{mitchell2018web,
  title={Web Scraping with Python: Collecting More Data from the Modern Web},
  author={Mitchell, Ryan},
  year={2018},
  publisher={" O'Reilly Media, Inc."}
}


@book{bishop2006pattern,
  title={Pattern recognition and machine learning},
  author={Bishop, Christopher M},
  year={2006},
  publisher={springer}
}


@inproceedings{wagstaff2001constrained,
  title={Constrained k-means clustering with background knowledge},
  author={Wagstaff, Kiri and Cardie, Claire and Rogers, Seth and Schr{\"o}dl, Stefan and others},
  booktitle={Icml},
  volume={1},
  pages={577--584},
  year={2001}
}


@inproceedings{chang2008feature,
  title={Feature ranking using linear SVM},
  author={Chang, Yin-Wen and Lin, Chih-Jen},
  booktitle={Causation and Prediction Challenge},
  pages={53--64},
  year={2008}
}



@article{liaw2002classification,
  title={Classification and regression by randomForest},
  author={Liaw, Andy and Wiener, Matthew and others},
  journal={R news},
  volume={2},
  number={3},
  pages={18--22},
  year={2002}
}




@book{vanderplas2016python,
  title={Python data science handbook: essential tools for working with data},
  author={VanderPlas, Jake},
  year={2016},
  publisher={" O'Reilly Media, Inc."}
}



