@article{Bentley:1975:MBS:361002.361007,
 author = {Bentley, Jon Louis},
 title = {Multidimensional Binary Search Trees Used for Associative Searching},
 journal = {Commun. ACM},
 issue_date = {Sept. 1975},
 volume = {18},
 number = {9},
 month = sep,
 year = {1975},
 issn = {0001-0782},
 pages = {509--517},
 numpages = {9},
 url = {http://doi.acm.org/10.1145/361002.361007},
 doi = {10.1145/361002.361007},
 acmid = {361007},
 publisher = {ACM},
 address = {New York, NY, USA},
 keywords = {associative retrieval, attribute, binary search trees, binary tree insertion, information retrieval system, intersection queries, key, nearest neighbor queries, partial match queries},
}

@inproceedings{DBLP:conf/sdm/Hamerly10,
 added-at = {2010-05-31T11:21:36.000+0200},
 author = {Hamerly, Greg},
 bibsource = {DBLP, http://dblp.uni-trier.de},
 biburl = {https://www.bibsonomy.org/bibtex/2a495be55766c97da04e7553d69be026f/cscholz},
 booktitle = {SDM},
 crossref = {DBLP:conf/sdm/2010},
 doi = {http://www.siam.org/proceedings/datamining/2010/dm10_012_hamerlyg.pdf},
 interhash = {3fc892ffd50644803178ff3ccbe0b280},
 intrahash = {a495be55766c97da04e7553d69be026f},
 keywords = {clustering k-means},
 pages = {130-140},
 timestamp = {2010-10-15T09:33:22.000+0200},
 title = {Making k-means Even Faster},
 year = 2010
}

@misc{bridson2015fluid,
 title={Fluid simulation for computer graphics},
 author={Bridson, Robert},
 year={2015},
 publisher={CRC Press}
}

@inproceedings{Muller:2003:PFS:846276.846298,
 author = {M\"{u}ller, Matthias and Charypar, David and Gross, Markus},
 title = {Particle-based Fluid Simulation for Interactive Applications},
 booktitle = {Proceedings of the 2003 ACM SIGGRAPH/Eurographics Symposium on Computer Animation},
 series = {SCA '03},
 year = {2003},
 isbn = {1-58113-659-5},
 location = {San Diego, California},
 pages = {154--159},
 numpages = {6},
 url = {http://dl.acm.org/citation.cfm?id=846276.846298},
 acmid = {846298},
 publisher = {Eurographics Association},
 address = {Aire-la-Ville, Switzerland, Switzerland},
}

@article{WADSLEY2004137,
title = "Gasoline: a flexible, parallel implementation of TreeSPH",
journal = "New Astronomy",
volume = "9",
number = "2",
pages = "137 - 158",
year = "2004",
note = "",
issn = "1384-1076",
doi = "http://dx.doi.org/10.1016/j.newast.2003.08.004",
url = "http://www.sciencedirect.com/science/article/pii/S138410760300143X",
author = "J.W. Wadsley and J. Stadel and T. Quinn",
keywords = "Hydrodynamics",
keywords = "Methods: numerical",
keywords = "Methods: -body simulations",
keywords = "Dark matter"
}
