@BOOK{DerridaRM,
  author = {Jacques Derrida},
  title = {RÃ¼ckkehr aus Moskau},
  origtitle = {Moscou aller-retour},
  editor = {Peter Engelmann},
  date = {2005},
  origdate = {1990},
  translator = {Monika Noll},
  origlanguage = {french},
  publisher = {Passagen},
  location = {Wien},
}
